<record><leader>00000cas a2200000 a 4500</leader><controlfield tag="001">10926162</controlfield><controlfield tag="008">840707d18751912ohuwr ne      0    0eng d</controlfield><datafield ind1=" " ind2=" " tag="010"><subfield code="a">sn 84028341 </subfield></datafield><datafield ind1=" " ind2=" " tag="040"><subfield code="a">NPY</subfield><subfield code="b">eng</subfield><subfield code="c">NPY</subfield><subfield code="d">ONP</subfield><subfield code="d">NVF</subfield><subfield code="d">MHN</subfield><subfield code="d">OCL</subfield><subfield code="d">OCLCQ</subfield><subfield code="d">OCLCF</subfield><subfield code="d">OCLCO</subfield></datafield><datafield ind1=" " ind2=" " tag="042"><subfield code="a">msc</subfield></datafield><datafield ind1="0" ind2=" " tag="130"><subfield code="a">Elyria Republican (Elyria, Ohio : 1875)</subfield></datafield><datafield ind1="0" ind2="4" tag="245"><subfield code="a">The Elyria Republican.</subfield></datafield><datafield ind1="1" ind2="7" tag="246"><subfield code="a">Elyria weekly Republican</subfield></datafield><datafield ind1=" " ind2=" " tag="260"><subfield code="a">Elyria, Ohio :</subfield><subfield code="b">H.A. Fisher,</subfield><subfield code="c">1875-1912.</subfield></datafield><datafield ind1=" " ind2=" " tag="300"><subfield code="a">v.</subfield></datafield><datafield ind1=" " ind2=" " tag="310"><subfield code="a">Weekly</subfield></datafield><datafield ind1="0" ind2=" " tag="362"><subfield code="a">New ser., vol. 1, no. 42 (Aug. 7, 1875)- ; -81st year, no. 117 = old ser., v. 3, no. 114-</subfield></datafield><datafield ind1=" " ind2=" " tag="500"><subfield code="a">Publishers: Fisher, Aug. 7-Oct. 30, 1875; Fisher &amp; A.H. Smith, Nov. 6, 1875-Feb. 2, 1877; Geo. G. Washburn &amp; H.A. Fisher, Feb. 9, 1875-Oct. 4, 1877; Washburn, Oct. 11, 1877-Aug. 27, 1891; Republican Printing Co., Sept. 3, 1891-1906.</subfield></datafield><datafield ind1=" " ind2=" " tag="500"><subfield code="a">"The Republican will at all times advocate the cause of temperance."</subfield></datafield><datafield ind1=" " ind2=" " tag="500"><subfield code="a">Issue called: 75th anniversary ed., July 21, 1904.</subfield></datafield><datafield ind1=" " ind2=" " tag="515"><subfield code="a">New ser., vol. 4, no. 288 (Dec. 5, 1878) misdated Nov. 5 on masthead.</subfield></datafield><datafield ind1=" " ind2=" " tag="515"><subfield code="a">New ser., vol. 6, whole no. 486 (Sept. 21, 1882) misdated Sept. 12.</subfield></datafield><datafield ind1=" " ind2=" " tag="500"><subfield code="a">Editor: E.C. Johnson, &lt;Feb. 7&gt;, 1875-Feb. 2, 1877.</subfield></datafield><datafield ind1=" " ind2=" " tag="580"><subfield code="a">Daily eds.: Elyria daily Republican, 1892-189u; and: Evening telegram (Elyria, Ohio : 1907), 1907-1912.</subfield></datafield><datafield ind1=" " ind2="0" tag="651"><subfield code="a">Elyria (Ohio)</subfield><subfield code="v">Newspapers.</subfield></datafield><datafield ind1=" " ind2="7" tag="655"><subfield code="a">Newspapers.</subfield><subfield code="2">fast</subfield><subfield code="0">(OCoLC)fst01423814</subfield></datafield><datafield ind1=" " ind2="7" tag="651"><subfield code="a">Ohio</subfield><subfield code="z">Elyria.</subfield><subfield code="2">fast</subfield><subfield code="0">(OCoLC)fst01218873</subfield></datafield><datafield ind1=" " ind2=" " tag="752"><subfield code="a">United States</subfield><subfield code="b">Ohio</subfield><subfield code="c">Lorain</subfield><subfield code="d">Elyria.</subfield></datafield><datafield ind1="1" ind2=" " tag="775"><subfield code="t">Elyria daily Republican</subfield><subfield code="w">(DLC)sn 84028342</subfield></datafield><datafield ind1="1" ind2=" " tag="775"><subfield code="t">Evening telegram (Elyria, Ohio : 1907)</subfield><subfield code="w">(DLC)sn 84028347</subfield></datafield><datafield ind1="0" ind2="0" tag="780"><subfield code="t">Elyria weekly Republican</subfield><subfield code="w">(DLC)sn 91069253</subfield></datafield><datafield ind1="1" ind2=" " tag="775"><subfield code="t">Evening telegram (Elyria, Ohio : 1915)</subfield><subfield code="w">(DLC)sn 88078648</subfield></datafield><datafield ind1="0" ind2="0" tag="785"><subfield code="t">Elyria Republican. And evening telegram</subfield><subfield code="w">(DLC)sn 91069254</subfield></datafield></record>